<record><leader>00000cas a2200000 a 4500</leader><controlfield tag="001">11987205</controlfield><controlfield tag="008">850501c19169999ndudr ne      0   a0eng  </controlfield><datafield ind1=" " ind2=" " tag="010"><subfield code="a">sn 85042243 </subfield></datafield><datafield ind1=" " ind2=" " tag="040"><subfield code="a">DLC</subfield><subfield code="b">eng</subfield><subfield code="c">DLC</subfield><subfield code="d">NPY</subfield><subfield code="d">DLC</subfield><subfield code="d">NOP</subfield><subfield code="d">OCL</subfield><subfield code="d">DLC</subfield><subfield code="d">OCLCQ</subfield><subfield code="d">DLC</subfield><subfield code="d">CUI</subfield><subfield code="d">OCLCQ</subfield><subfield code="d">DLC</subfield><subfield code="d">OCLCF</subfield></datafield><datafield ind1=" " ind2=" " tag="019"><subfield code="a">11989721</subfield></datafield><datafield ind1="0" ind2=" " tag="022"><subfield code="a">2330-5967</subfield><subfield code="2">1</subfield></datafield><datafield ind1="1" ind2=" " tag="029"><subfield code="a">AU@</subfield><subfield code="b">000020379904</subfield></datafield><datafield ind1=" " ind2=" " tag="042"><subfield code="a">pcc</subfield><subfield code="a">nsdp</subfield></datafield><datafield ind1=" " ind2=" " tag="043"><subfield code="a">n-us-nd</subfield></datafield><datafield ind1="0" ind2="0" tag="050"><subfield code="a">Newspaper</subfield></datafield><datafield ind1="0" ind2="0" tag="082"><subfield code="a">071</subfield><subfield code="2">23</subfield></datafield><datafield ind1="0" ind2=" " tag="130"><subfield code="a">Bismarck tribune (Bismarck, N.D. : 1916)</subfield></datafield><datafield ind1=" " ind2="4" tag="222"><subfield code="a">The Bismarck tribune</subfield><subfield code="b">(Bismarck, N.D. 1916. Print)</subfield></datafield><datafield ind1="1" ind2="4" tag="245"><subfield code="a">The Bismarck tribune.</subfield></datafield><datafield ind1="1" ind2="3" tag="246"><subfield code="a">Bismarck daily tribune</subfield><subfield code="f">Nov. 21, 1916-Dec. 4, 1917; May 11, 1918-Feb. 2, 1921</subfield></datafield><datafield ind1="1" ind2="3" tag="246"><subfield code="a">Bismarck evening tribune</subfield><subfield code="f">Dec. 5, 1917-May 10, 1918</subfield></datafield><datafield ind1=" " ind2=" " tag="250"><subfield code="a">Evening ed.</subfield></datafield><datafield ind1=" " ind2=" " tag="260"><subfield code="a">Bismarck, N.D. :</subfield><subfield code="b">Bismarck Tribune Co.,</subfield><subfield code="c">1916-</subfield></datafield><datafield ind1=" " ind2=" " tag="300"><subfield code="a">v. :</subfield><subfield code="b">ill. ;</subfield><subfield code="c">60 cm.</subfield></datafield><datafield ind1=" " ind2=" " tag="310"><subfield code="a">Daily,</subfield><subfield code="b">&lt;1982&gt;-</subfield></datafield><datafield ind1=" " ind2=" " tag="321"><subfield code="a">Daily (except Sunday),</subfield><subfield code="b">1916-&lt;1982&gt;</subfield></datafield><datafield ind1="0" ind2=" " tag="362"><subfield code="a">Vol. 36, no. 281 (Nov. 21, 1916)-</subfield></datafield><datafield ind1=" " ind2=" " tag="500"><subfield code="a">Sometimes published a morning edition and Sunday edition.</subfield></datafield><datafield ind1=" " ind2=" " tag="500"><subfield code="a">"Official newspaper for Bismarck and Mandan, N.D."</subfield></datafield><datafield ind1=" " ind2=" " tag="515"><subfield code="a">Volume numbering irregular.</subfield></datafield><datafield ind1=" " ind2=" " tag="530"><subfield code="a">Archived issues are available in digital format as part of the Library of Congress Chronicling America online collection.</subfield></datafield><datafield ind1=" " ind2=" " tag="530"><subfield code="a">Also issued on microfilm from the Library of Congress, Photoduplication Service.</subfield></datafield><datafield ind1=" " ind2=" " tag="580"><subfield code="a">Weekly ed.: Bismarck weekly tribune (Bismarck, N.D. : 1884), 1916-1943.</subfield></datafield><datafield ind1=" " ind2=" " tag="580"><subfield code="a">Monthly ed.: Bismarck tribune (Bismarck, N.D. : 1943), 1943-1946.</subfield></datafield><datafield ind1=" " ind2="0" tag="651"><subfield code="a">Bismarck (N.D.)</subfield><subfield code="v">Newspapers.</subfield></datafield><datafield ind1=" " ind2="7" tag="655"><subfield code="a">Newspapers.</subfield><subfield code="2">fast</subfield><subfield code="0">(OCoLC)fst01423814</subfield></datafield><datafield ind1=" " ind2="7" tag="651"><subfield code="a">North Dakota</subfield><subfield code="z">Bismarck.</subfield><subfield code="2">fast</subfield><subfield code="0">(OCoLC)fst01206574</subfield></datafield><datafield ind1=" " ind2=" " tag="752"><subfield code="a">United States</subfield><subfield code="b">North Dakota</subfield><subfield code="c">Burleigh</subfield><subfield code="d">Bismarck.</subfield></datafield><datafield ind1=" " ind2=" " tag="752"><subfield code="a">United States</subfield><subfield code="b">North Dakota</subfield><subfield code="c">Morton</subfield><subfield code="d">Mandan.</subfield></datafield><datafield ind1="1" ind2=" " tag="775"><subfield code="t">Bismarck weekly tribune (Bismarck, N.D. : 1884)</subfield><subfield code="x">2330-6041</subfield><subfield code="w">(DLC)sn 85042588</subfield><subfield code="w">(OCoLC)12660125</subfield></datafield><datafield ind1="1" ind2=" " tag="775"><subfield code="t">Bismarck tribune (Bismarck, N.D. : 1943)</subfield><subfield code="w">(DLC)sn 89074367</subfield><subfield code="w">(OCoLC)20662871</subfield></datafield><datafield ind1="0" ind2="8" tag="776"><subfield code="i">Online version:</subfield><subfield code="t">Bismarck tribune (Bismarck, N.D. : 1916 : Online)</subfield><subfield code="x">2330-5975</subfield><subfield code="w">(DLC)  2013218926</subfield><subfield code="w">(OCoLC)244293920</subfield></datafield><datafield ind1="0" ind2="0" tag="780"><subfield code="t">Bismarck daily tribune</subfield><subfield code="x">2330-5924</subfield><subfield code="w">(DLC)sn 85042242</subfield><subfield code="w">(OCoLC)11986756</subfield></datafield><datafield ind1="4" ind2="1" tag="856"><subfield code="u">http://chroniclingamerica.loc.gov/lccn/sn85042243/issues</subfield></datafield></record>